@BOOK{std:IEEE80211,
  author={IEEE Standards Association},
  title={\emph{IEEE802.11-2007: Wireless LAN Medium Access Control (MAC) and Physical Layer (PHY) specifications}},
  publisher={IEEE},
  year={2007},
}

@BOOK{std:IEEE80211n,
  author={IEEE Standards Association},
  title={\emph{IEEE802.11n-2009: Wireless LAN Medium Access Control (MAC) and Physical Layer (PHY) specifications}},
  publisher={IEEE},
  year={2009},
}

@BOOK{pub:VirtualAP,
	author={Maria Eugenia Berezin and Franck Rousseau and Andrzej Duda},
	title={\emph{Multichannel Virtual Access Points for Seamless Handoffs in IEEE 802.11 Wireless Networks}},
	publisher={IEEE},
	year={2011},
}

@BOOK{pub:AdvAp,
        author={Henning Trsek and Stefan Schwalowsky and Bjoern Czybik and  Juergen Jasperneite},
        title={\emph{Implementation of an advanced IEEE 802.11 WLAN AP for real-time wireless communications}},
        publisher={IEEE},
        year={2011},
}
    
@BOOK{pub:SpaceTimeCoding,
	author={Mohsen Maadani and Seyed Ahmad Motamedi and Mohammad Khayeri},
	title={\emph{A Cross-Layer Adaptive Space-Time Coding Scheme for IEEE 802.11-Based Soft-Real-Time Wireless Industrial Networks}},
	publisher={IEEE},
	year={2011},
}

@ARTICLE{pub:DCS,
	author={Gang Wu and Sathyanarayana Singh and Tzi-cker Chiueh},
	title={\emph{Implementation of Dynamic Channel Switching on IEEE 802.11-Based Wireless Mesh Networks}},
	journal={WICON'08},
	year={2008},
}


@BOOK{pub:Comparison,
	author={A.Barbalace and A.Lucheta and G.Manduchi and M.Moro and A.Soppelsa and C.Taliercio},
	title={\emph{Performance Comparison of VxWorks, Linux, RTAI and Xenomai in a Hard  Real-time Application}},
	publisher={IEEE},
	year={2007},
}

@ARTICLE{pub:802.11e,
	author={Gianluca Cena and Lucia Seno and Adiano Valenzano and Claudio Zunino},
	title={\emph{On the Performance of IEEE 802.11e Wireless Infrastructures for Soft-Real-Time Industrial Applications}},
	journal={IEEE transactions on industrial informatics, vol. 6, no. 3},
	year={2010},
}

@misc{wiki:RTLinux,
	author={Theodore Ts'o and Darren Hart and John Kacur}, 
	title={\emph{Real-Time Linux Wiki}}, 
	year={2008},
	howpublished={\url{https://rt.wiki.kernel.org/}},
}

@misc{www:LinuxTCHowto,
	author={Bert Hubert and Thomas Graf and Gregory Maxwell and Remco van Mook and Martijn van Oosterhout and Paul B Schroeder and Jasper Spaans and Pedro Larroy},
	title={\emph{Linux Advanced Routing \& Traffic Control HOWTO}}, 
	howpublished={\url{http://linuxreviews.org/howtos/networking/lartc/}},
}

@misc{www:DieMan,
	author={Linux manual},
	title={die.net}, 
	howpublished={\url{http://www.die.net/}},
}

@misc{www:ArchLinux,
	author={Judd Vinet and Aaron Griffin},
	title={\emph{A simple, lightweight distribution}}, 
	howpublished={\url{http://www.archlinux.org/}},
}

@misc{www:IW,
	author={Johannes Berg},
	title={\emph{Project iw}}, 
	howpublished={\url{http://linuxwireless.org/en/users/Documentation/iw}},
}

@misc{www:LibnlDoc,
        author={Johannes Berg},
        title={\emph{libnl documentation}},
        howpublished={\url{http://linuxwireless.org/en/developers/Documentation/nl80211/kerneldoc}},
}

@misc{www:IWSrc,
        author={Johannes Berg},
        title={\emph{Project iw source}},
        howpublished={\url{http://linuxwireless.org/download/iw/}},
}


@misc{www:LibPcapDoc,
        author={Van Jacobson and Craig Leres and Steven McCanne},
        title={\emph{libpcap documentation}},
        howpublished={\url{http://www.tcpdump.org/pcap3_man.html}},
}

@misc{www:TcpDumpSrc,
        author={Van Jacobson and Craig Leres and Steven McCanne},
        title={\emph{tcpdump source}},
        howpublished={\url{http://www.tcpdump.org/#source}},
}

@misc{www:ECO-Mob,
        author={\emph{Kierownik Projektu:} Prof. nzw. dr hab. inż. Włodzimierz Choromański},
        title={\emph{Projekt ECO-Mobilność}},
	howpublished={\url{http://www.eco-mobilnosc.pw.edu.pl/}},
}

@misc{www:Radiotap,
        author={Open-source \emph{wiki}},
        title={\emph{Radiotap Wiki}},
        howpublished={\url{http://www.radiotap.org/}},
}




