@misc{std:IEEE80211,
  author={IEEE Standards Association},
  title={\emph{IEEE802.11-2007: Wireless LAN Medium Access Control (MAC) and Physical Layer (PHY) specifications}},
  publisher={IEEE},
  year={2007},
  isbn={0-7381-5656-6},
  url={http://standards.ieee.org/getieee802/download/802.11-2007.pdf},
}

@misc{std:IEEE80211n,
  author={IEEE Standards Association},
  title={\emph{IEEE802.11n-2009: Wireless LAN Medium Access Control (MAC) and Physical Layer (PHY) specifications}},
  publisher={IEEE},
  year={2009},
  isbn={978-0-7381-6047-4},
  url={http://standards.ieee.org/getieee802/download/802.11n-2009.pdf},
}

@misc{pub:DCS,
	author={Gang Wu and Sathyanarayana Singh and Tzi-cker Chiueh},
	title={\emph{Implementation of Dynamic Channel Switching on IEEE 802.11-Based Wireless Mesh Networks}},
	journal={WICON'08},
	year={2008},
}

@misc{pub:Comparison,
	author={A.Barbalace and A.Lucheta and G.Manduchi and M.Moro and A.Soppelsa and C.Taliercio},
	title={\emph{Performance Comparison of VxWorks, Linux, RTAI and Xenomai in a Hard  Real-time Application}},
	journal={IEEE},
	year={2007},
}

@misc{pub:802.11e,
	author={Gianluca Cena and Lucia Seno and Adiano Valenzano and Claudio Zunino},
	title={\emph{On the Performance of IEEE 802.11e Wireless Infrastructures for Soft-Real-Time Industrial Applications}},
	journal={IEEE transactions on industrial informatics, vol. 6, no. 3},
	year={2010},
}

@misc{pub:QoS,
	author={Richard Kelly and Joseph Gasparakis},
	title={\emph{Common Functionality in the 2.6 Linux Network Stack}},
	journal={Copyright Â© 2010 Intel Corporation},
	year={2010},
}

@misc{wiki:RTLinux,
	author={Theodore Ts'o and Darren Hart and John Kacur}, 
	title={\emph{Real-Time Linux Wiki}}, 
	year={2008},
	url={https://rt.wiki.kernel.org/},
}

@misc{www:LinuxTCHowto,
	author={Bert Hubert and Thomas Graf and Gregory Maxwell and Remco van Mook and Martijn van Oosterhout and Paul B Schroeder and Jasper Spaans and Pedro Larroy},
	title={\emph{Linux Advanced Routing \& Traffic Control HOWTO}}, 
	url={http://linuxreviews.org/howtos/networking/lartc/},
}

@misc{www:DieMan,
	author={Linux manual},
	title={\emph{die.net}}, 
	url={http://www.die.net/},
}
